@article{ingram2005function,
  title={Function-based intervention planning: Comparing the effectiveness of FBA function-based and nonâ€”function-based intervention plans},
  author={Ingram, Kimberly and Lewis-Palmer, Teri and Sugai, George},
  journal={Journal of positive behavior interventions},
  volume={7},
  number={4},
  pages={224--236},
  year={2005},
  publisher={Sage Publications Sage CA: Los Angeles, CA}
}

@article{zafeiropoulos2020pema,
  title={PEMA: a flexible Pipeline for Environmental DNA Metabarcoding Analysis of the 16S/18S ribosomal RNA, ITS, and COI marker genes},
  author={Zafeiropoulos, Haris and Viet, Ha Quoc and Vasileiadou, Katerina and Potirakis, Antonis and Arvanitidis, Christos and Topalis, Pantelis and Pavloudi, Christina and Pafilis, Evangelos},
  journal={GigaScience},
  volume={9},
  number={3},
  pages={giaa022},
  year={2020},
  publisher={Oxford University Press}
}

@article{chalkis2020geometric,
  title={Geometric algorithms for sampling the flux space of metabolic networks},
  author={Chalkis, Apostolos and Fisikopoulos, Vissarion and Tsigaridas, Elias and Zafeiropoulos, Haris},
  journal={arXiv preprint arXiv:2012.05503},
  year={2020}
}


@article{cai2020predicting,
  title={Predicting Nash equilibria for microbial metabolic interactions},
  author={Cai, Jingyi and Tan, Tianwei and Joshua Chan, SH},
  journal={Bioinformatics},
  year={2020}
}

